@misc{ textbook,
       author = {Steven S. Skiena},
       title = {The Algorithm Design Manual},
       edition = {Second},
       year = {2008},
},
@misc{ networkx,
       title = {networkx.github.io},
       howpublished = {\url{http://networkx.github.io/}},
       year = {2014},
},
@misc{ python,
       title = {python.org},
       howpublished = {\url{https://www.python.org/}},
       year = {2014},
},
@misc{ python-time,
       title = {wiki.python.org/moin/TimeComplexity},
       howpublished = {\url{https://wiki.python.org/moin/TimeComplexity}},
       year = {2014},
},
@misc{ discrete-textbook,
       author = {Judith L. Gersting},
       title = {Mathematical Structures for Computer Science},
       edition = {Sixth},
       year = {2007},
},
